@inproceedings{akiba2019optuna,
  title={{Optuna}: A Next-generation Hyperparameter Optimization Framework},
  author={Akiba, Takuya and Sano, Shotaro and Yanase, Toshihiko and Ohta, Takeru and Koyama, Masanori},
  booktitle={Proceedings of the 25th ACM SIGKDD International Conference on Knowledge Discovery and Data Mining},
  pages={2623--2631},
  year={2019}
} 